

@inproceedings{stamatatos1999automatic,
  title={Automatic extraction of rules for sentence boundary disambiguation},
  author={Stamatatos, Efstathios and Fakotakis, Nikos and Kokkinakis, George},
  booktitle={Proceedings of the Workshop on Machine Learning in Human Language Technology},
  pages={88--92},
  year={1999}
}


@article{liu2006study,
  title={A study in machine learning from imbalanced data for sentence boundary detection in speech},
  author={Liu, Yang and Chawla, Nitesh V and Harper, Mary P and Shriberg, Elizabeth and Stolcke, Andreas},
  journal={Computer Speech \& Language},
  volume={20},
  number={4},
  pages={468--494},
  year={2006},
  publisher={Elsevier}
}



@article{pipitone2024legalbench,
  title={Legalbench-rag: A benchmark for retrieval-augmented generation in the legal domain},
  author={Pipitone, Nicholas and Alami, Ghita Houir},
  journal={arXiv preprint arXiv:2408.10343},
  year={2024}
}

@article{schwarcz2025ai,
  title={AI-Powered Lawyering: AI Reasoning Models, Retrieval Augmented Generation, and the Future of Legal Practice},
  author={Schwarcz, Daniel and Manning, Sam and Barry, Patrick and Cleveland, David R and Prescott, JJ and Rich, Beverly},
  year={2025}
}


@inproceedings{wiratunga2024cbr,
  title={CBR-RAG: case-based reasoning for retrieval augmented generation in LLMs for legal question answering},
  author={Wiratunga, Nirmalie and Abeyratne, Ramitha and Jayawardena, Lasal and Martin, Kyle and Massie, Stewart and Nkisi-Orji, Ikechukwu and Weerasinghe, Ruvan and Liret, Anne and Fleisch, Bruno},
  booktitle={International Conference on Case-Based Reasoning},
  pages={445--460},
  year={2024},
  organization={Springer}
}

@article{hindi2025enhancing,
  title={Enhancing the Precision and Interpretability of Retrieval-Augmented Generation (RAG) in Legal Technology: A Survey},
  author={Hindi, Mahd and Mohammed, Linda and Maaz, Ommama and Alwarafy, Abdulmalik},
  journal={IEEE Access},
  year={2025},
  publisher={IEEE}
}

@inproceedings{gillick2009sentence,
  title={Sentence boundary detection and the problem with the {U.S.}},
  author={Gillick, Dan},
  booktitle={Proceedings of human language technologies: the 2009 annual conference of the North American chapter of the Association for Computational Linguistics, companion volume: Short Papers},
  pages={241--244},
  year={2009}
}


@inproceedings{schweter2019deep,
  title={Deep-EOS: General-Purpose Neural Networks for Sentence Boundary Detection.},
  author={Schweter, Stefan and Ahmed, Sajawel},
  booktitle={KONVENS},
  year={2019}
}


@inproceedings{read2012sentence,
  title={Sentence boundary detection: A long solved problem?},
  author={Read, Jonathon and Dridan, Rebecca and Oepen, Stephan and Solberg, Lars J{\o}rgen},
  booktitle={Proceedings of COLING 2012: Posters},
  pages={985--994},
  year={2012}
}


@article{kiss2006unsupervised,
  title = {Unsupervised Multilingual Sentence Boundary Detection},
  author = {Kiss, Tibor and Strunk, Jan},
  journal = {Computational Linguistics},
  volume = {32},
  number = {4},
  pages = {485--525},
  year = {2006},
  publisher = {MIT Press},
}

@article{dunning1993accurate,
  title={Accurate methods for the statistics of surprise and coincidence},
  author={Dunning, Ted},
  journal={Computational Linguistics},
  volume={19},
  number={1},
  pages={61--74},
  year={1993},
  publisher={MIT Press Cambridge, MA, USA}
}

@inproceedings{riley-1989-statistical,
  title = {Some Applications of Tree-based Modelling to Speech and Language Processing},
  author = {Riley, Michael D.},
  booktitle = {Proceedings of the Workshop on Speech and Natural Language},
  pages = {339--352},
  year = {1989},
  organization = {Association for Computational Linguistics},
}

@article{chen-2019-bert,
  title = {BERT for Joint Intent Classification and Slot Filling},
  author = {Chen, Qian and Zhuo, Zhu and Wang, Wenhu},
  journal = {arXiv preprint arXiv:1902.10909},
  year = {2019},
}

@misc{spacy,
  title = {spaCy: Industrial-strength Natural Language Processing in Python},
  author = {Matthew Honnibal and Ines Montani and Sofie {Van Landeghem} and Adriane Boyd},
  year = {2020},
  url = {https://spacy.io},
}

@inproceedings{sadvilkar2020pysbd,
  title={PySBD: Pragmatic Sentence Boundary Disambiguation},
  author={Sadvilkar, Nipun and Neumann, Mark},
  booktitle={Proceedings of Second Workshop for NLP Open Source Software (NLP-OSS)},
  pages={110--114},
  year={2020}
}

@inproceedings{sanchez2019sentence,
  title={Sentence boundary detection in legal text},
  author={Sanchez, George},
  booktitle={Proceedings of the natural legal language processing workshop 2019},
  pages={31--38},
  year={2019}
}


@misc{deepsegment,
  title = {DeepSegment: A sentence segmentation tool which uses BiLSTM+CRF},
  author = {bedapudi6788},
  year = {2019},
  url = {https://github.com/bedapudi6788/deepsegment},
}

@article{katz2017general,
  title = {A general approach for predicting the behavior of the Supreme Court of the United States},
  author = {Katz, Daniel Martin and Bommarito, Michael J and Blackman, Josh},
  journal = {PloS one},
  volume = {12},
  number = {4},
  pages = {e0174698},
  year = {2017},
  publisher = {Public Library of Science San Francisco, CA USA},
}

@inproceedings{chalkidis2019deep,
  title = {Deep learning in law: early adaptation and legal word embeddings trained on large corpora},
  author = {Chalkidis, Ilias and Kampas, Dimitrios},
  booktitle = {Artificial Intelligence and Law},
  volume = {27},
  pages = {171--198},
  year = {2019},
  organization = {Springer},
}

@inproceedings{leitner2019fine,
  title = {Fine-grained Named Entity Recognition in Legal Documents},
  author = {Leitner, Elena and Rehm, Georg and Moreno-Schneider, Julian},
  booktitle = {International Conference on Semantic Systems},
  pages = {272--287},
  year = {2019},
  organization = {Springer},
}

@inproceedings{chalkidis2018obligation,
  title = {Obligation and prohibition extraction using hierarchical RNNs},
  author = {Chalkidis, Ilias and Androutsopoulos, Ion and Michos, Achilleas},
  booktitle = {Proceedings of the 56th Annual Meeting of the Association for Computational Linguistics (Volume 2: Short Papers)},
  pages = {254--259},
  year = {2018},
}

@article{biaggi2021,
  title = {Challenges in Legal Text Processing: The Case of Sentence Boundary Detection in Statutory and Case Law},
  author = {Biaggi, Alessandro and Croci, Marcello and Riedl, Martin and Wachsmuth, Henning},
  journal = {Journal of Law and Technology},
  volume = {15},
  number = {2},
  pages = {145--172},
  year = {2021},
}

@inproceedings{read2012,
  title = {Domain-specific text processing: A systematic approach to the challenges of legal document analysis},
  author = {Read, Jonathon and Carroll, John and Greenberg, Daniel},
  booktitle = {Legal Knowledge and Information Systems},
  pages = {97--106},
  year = {2012},
}


@article{savelka2017,
  title={Sentence boundary detection in adjudicatory decisions in the united states},
  author={Savelka, Jaromir and Walker, Vern R and Grabmair, Matthias and Ashley, Kevin D},
  journal={Traitement automatique des langues},
  volume={58},
  pages={21},
  year={2017}
}


@inproceedings{sanchez2019,
  title = {Sentence Boundary Detection in Legal Text},
  author = {Sanchez, George},
  booktitle = {Proceedings of the Natural Legal Language Processing Workshop 2019},
  pages = {31--38},
  year = {2019},
  organization = {Association for Computational Linguistics},
  doi = {10.18653/v1/W19-2204}
}

@inproceedings{sheik2022,
  title={Efficient deep learning-based sentence boundary detection in legal text},
  author={Sheik, Reshma and Gokul, T and Nirmala, S},
  booktitle={Proceedings of the Natural Legal Language Processing Workshop},
  pages={208--217},
  year={2022}
}

@inproceedings{kalamkar2021,
  title = {A Hybrid Approach to Sentence Boundary Detection for Legal Text},
  author = {Kalamkar, Aditi and Mukherjee, Achyut and Lee, Sharon and Walker, Vern and Ravishankar, Karthik},
  booktitle = {Proceedings of the Natural Legal Language Processing Workshop},
  pages = {64--74},
  year = {2021},
  organization = {Association for Computational Linguistics},
}

@misc{harvard-corpus,
  title = {Harvard Law Case Corpus},
  author = {Harvard Law School Library},
  year = {2018},
  url = {https://case.law},
}

@misc{alea-benchmark,
  title = {{ALEA Legal Benchmark}: Sentence and Paragraph Boundaries},
  author = {Bommarito, Michael J. and Katz, Daniel Martin and Bommarito, Jillian},
  year = {2025},
  howpublished = {Hugging Face Dataset},
  url = {https://huggingface.co/datasets/alea-institute/alea-legal-benchmark-sentence-paragraph-boundaries},
  note = {}
}


@inproceedings{multilegalSBD,
  title={MultiLegalSBD: a multilingual legal sentence boundary detection dataset},
  author={Brugger, Tobias and St{\"u}rmer, Matthias and Niklaus, Joel},
  booktitle={Proceedings of the Nineteenth International Conference on Artificial Intelligence and Law},
  pages={42--51},
  year={2023}
}


@misc{kl3m-data,
  title = {{KL3M Data}: Knowledge, Language, and Law Machine Learning Dataset (Snapshot 20250324)},
  author = {Bommarito, Michael J. and Katz, Daniel Martin and Bommarito, Jillian},
  year = {2025},
  howpublished = {Hugging Face Dataset},
  url = {https://huggingface.co/datasets/alea-institute/kl3m-data-snapshot-20250324},
  note = {Also available at \url{https://github.com/alea-institute/kl3m-data}}
}

@article{breiman2001random,
  title={Random Forests},
  author={Breiman, Leo},
  journal={Machine Learning},
  volume={45},
  pages={5--32},
  year={2001}
}